@inproceedings{clarkson1988vegas,
  title={A Las Vegas algorithm for linear programming when the dimension is small},
  author={Clarkson, Kenneth L},
  booktitle={2013 IEEE 54th Annual Symposium on Foundations of Computer Science},
  pages={452--456},
  year={1988},
  organization={IEEE}
}
@article{clarkson1995vegas,
  title={Las Vegas algorithms for linear and integer programming when the dimension is small},
  author={Clarkson, Kenneth L},
  journal={Journal of the ACM (JACM)},
  volume={42},
  number={2},
  pages={488--499},
  year={1995},
  publisher={ACM}
}