@inproceedings{rabin1983randomized,
  title={Randomized byzantine generals},
  author={Rabin, Michael O},
  booktitle={Foundations of Computer Science, 1983., 24th Annual Symposium on},
  pages={403--409},
  year={1983},
  organization={IEEE}
}